@BOOK{boole,
  AUTHOR =       "Matthew A. Russell",
  TITLE =        "Mining the Social Web: Analyzing Data from Facebook, Twitter, LinkedIn, and Other Social Media Sites",
  PUBLISHER =    "O'Reilly Media; Second Edition",
  YEAR =         "October 22, 2013"
}


@Article{ron,
  author =   {RON BEKKERMAN},
  title =    {Using Bigrams in Text Categorization},
  
  year =     {2003},
  pages =    {01--10}
  
}

@misc{nltk1,
  title = {Natural Language Toolkit: Collocations and Association Measures},
  howpublished = {\url{http://www.nltk.org/_modules/nltk/collocations.html}},
   author =       "Joel Nothman"
}

@misc{nltk2,
  title = {Natural Language Toolkit: Texts},
  howpublished = {\url{http://www.nltk.org/_modules/nltk/text.html}},
  author =       "Steven Bird"
}

@misc{nltk3,
  title = {Natural Language Toolkit: Ngram Association Measures},
  howpublished = {\url{http://www.nltk.org/_modules/nltk/metrics/association.html}},
  author =       "Joel Nothman "
}

@misc{ipythoninfo1,
  title = {The IPython Notebook Documentation},
  howpublished = {\url{https://ipython.org/ipython-doc/3/notebook/index.html}},
  
}

@misc{ipythoninfo2,
  title = {The IPython Notebook Installation},
  howpublished = {\url{http://ipython.org/install.html}},
  
}



@misc{jupyter,
  title = {Jupyter Installation},
  howpublished = {\url{http://jupyter.readthedocs.org/en/latest/install.html}},
  
}

@misc{pip,
  title = {Python & OS Support},
  howpublished = {\url{http://pip.readthedocs.org/en/stable/installing/}},
  
}







